% This file was created with JabRef 2.10b2.
% Encoding: Cp1251


@Article{В._Лазерныйметодприближенногоизмерениямгновеннойскоростиинаправленияветра,
  Title                    = {Лазерный метод приближенного измерения мгновенной скорости и направления ветра},
  Author                   = {В. И. Козинцев, С. Е. Иванов, М. Л. Белов, В.А. Городничев},
  Journal                  = {Оптика атмосферы и океана},
  Year                     = {2013},
  Number                   = {5},

  Crossref                 = {article:lazerniy_metod_priblizhennogo_izmereniya_mgnovennoy_skorosti_i_napravlenia_vetra},
  Owner                    = {Funny_Jingl},
  Timestamp                = {2015.04.24}
}

@Booklet{booklet:ICAO_sdvig_vetra,
  Title                    = {ИКАО. Руководство по сдвигу ветра на малых высотах},
  Author                   = {Международная организация гражданской авиации},

  Owner                    = {Filimonov Pavel},
  Timestamp                = {2015.04.29}
}

@Article{article:Boreysho_MobilnieMnogovolnovieLidarnieKompleksi,
  Title                    = {Мобильные многоволновые лидарные комплексы},
  Author                   = {А.С. Борейшо и др./ // . 2005. Т.35. № 12. С.1167-1178},
  Journal                  = {Квантовая электроника},
  Year                     = {2005},
  Number                   = {12},
  Pages                    = {1167-1178},
  Volume                   = {35},

  Owner                    = {Filimonov Pavel},
  Timestamp                = {2015.04.29}
}

@Article{C.LaurenceKorb_Edgetechnique:theoryandapplicationtothelidarmeasuarementofatmosphericwind,
  Title                    = {Edge technique: theory and application to the lidar measuarement of atmospheric wind},
  Author                   = {C. Laurence Korb, Bruce M. Gentry, and Chi Y. Weng},
  Journal                  = {Applied optics},
  Year                     = {1992},
  Number                   = {21},
  Pages                    = {4202-4213},
  Volume                   = {31},

  Owner                    = {Funny_Jingl},
  Timestamp                = {2015.04.24}
}

@Article{C.LaurenceKorb_EdgetechniqueDopperlidarwindmeasurementswithhighverticalresolution,
  Title                    = {Edge technique Dopper lidar wind measurements with high vertical resolution},
  Author                   = {C. Laurence Korb, Bruce M. Gentry, ands. Xingfu Li.},
  Journal                  = {Applied optics},
  Year                     = {1997},
  Number                   = {24},
  Pages                    = {5976-5983},
  Volume                   = {36},

  Owner                    = {Funny_Jingl},
  Timestamp                = {2015.04.24}
}

@Article{article:Harris_ContinuousWaveBistaticLaser,
  Title                    = {Continuous-wave bistatic laser Doppler wind sensor},
  Author                   = {Harris M., Constant G., Ward C.},
  Journal                  = {Applied Optics},
  Year                     = {2001},
  Number                   = {9},
  Pages                    = {1501-1506},
  Volume                   = {40},

  Owner                    = {Filimonov Pavel},
  Timestamp                = {2015.04.29}
}

@Article{article:Kane_Potential_For_Coherent_Doppler,
  Title                    = {Potential for coherent Doppler wind velocity lidar using neodymium lasers},
  Author                   = {Kane T. J., Zhou B., Byer R. L.},
  Journal                  = {Applied optics},
  Year                     = {1984},
  Number                   = {15},
  Pages                    = {2477-2481},
  Volume                   = {23},

  Owner                    = {Filimonov Pavel},
  Timestamp                = {2015.04.29}
}

@Article{article:McGill_AnalysisTechniquesForTheRecoveryOfwindandbackscattercoefficientsfromamultiple-channelincoherentDopplerlidar,
  Title                    = {Analysis techniques for the recovery of wind and backscatter coefficients from a multiple-channel incoherent Doppler lidar},
  Author                   = {Matthew J. McGill, Wilbert R. Skinner, Todd D. Irgang},
  Journal                  = {Applied Optics},
  Year                     = {1997},
  Number                   = {6},
  Pages                    = {1928-1939},
  Volume                   = {36},

  Owner                    = {Funny_Jingl},
  Timestamp                = {2015.04.24}
}

@Article{article:Assessment_of_a_multibeam_Fizeau,
  Title                    = {Assessment of a multibeam Fizeau wedge interferometer for Doppler wind lidar},
  Author                   = {Jack A. McKay},
  Journal                  = {Applied optics},
  Year                     = {2002},
  Number                   = {9},
  Pages                    = {1760-1767},
  Volume                   = {41},

  Owner                    = {Filimonov Pavel},
  Timestamp                = {2015.04.29}
}

@Article{Rees_Dopplerlidaratmosphericwindsensor:reevaluationofa355-nmincoherentDopplerlidar,
  Title                    = {Doppler lidar atmospheric wind sensor: reevaluation of a 355-nm incoherent Doppler lidar},
  Author                   = {David Rees and I. Stuart McDermid},
  Journal                  = {Applied optics},
  Year                     = {1990},
  Number                   = {28},
  Pages                    = {4133-4144},
  Volume                   = {29},

  Owner                    = {Funny_Jingl},
  Timestamp                = {2015.04.24}
}

@Article{article:Abreu_Observation_of_winds_with_an_incoherent_lidar_detector,
  Title                    = {Observation of winds with an incoherent lidar detector},
  Author                   = {Vincent J. Abreu, John E. Barnes, and Paul B. Hays.},
  Journal                  = {Applied optics},
  Year                     = {1992},
  Number                   = {22},
  Pages                    = {4509-4514},
  Volume                   = {31},

  Owner                    = {Filimonov Pavel},
  Timestamp                = {2015.04.29}
}

@Article{article:Liu_Low_Altitude_Atmospheric_Wind_Measurment,
  Title                    = {Low-altitude atmospheric wind measurement from the combined Mie and Rayleigh backscattering by Doppler lidar with an iodine filter},
  Author                   = {Zhi-Shen Liu, Dong Wu, Jin-Tao Liu, Kai-Lin Zhang, Wei-Biao Chen, Xiao-Quan Song, Johnathan W. Hair, Chiao-Yao She.},
  Journal                  = {Applied Optics},
  Year                     = {2002},
  Number                   = {33},
  Pages                    = {7079-7086},
  Volume                   = {41},

  Owner                    = {Filimonov Pavel},
  Timestamp                = {2015.04.29}
}

@Article{article:Astafurov_EffectivnostLidarnihIzmereniy,
  Title                    = {Эффективность лидарных измерений скорости ветра корреляционным лидаром},
  Author                   = {Астафуров В.Г., Игнатова Э.Ю., Матвиенко Г.Г.},
  Journal                  = {Оптика атмосферы и океана},
  Year                     = {1992},
  Number                   = {5},
  Pages                    = {497-503},
  Volume                   = {5},

  Owner                    = {Filimonov Pavel},
  Timestamp                = {2015.04.29}
}

@Article{article:Banah_IzmereniaSkorostiINapravleniaVetra,
  Title                    = {Измерения скорости и направления ветра когерентным доплеровским лидаром в условиях слабого эхосигнала},
  Author                   = {Банах В.А., Брюер А., Пичугина Е.Л., Смалихо И.Н.},
  Journal                  = {Оптика атмосферы и океана},
  Year                     = {2010},
  Number                   = {5},
  Pages                    = {333-340},
  Volume                   = {23},

  Owner                    = {Filimonov Pavel},
  Timestamp                = {2015.04.29}
}

@Article{article:Belan_SravnenieLazernogoIRadiozondovogoMetodov,
  Title                    = {Сравнение лазерного и радиозондового методов зондирования скорости и направления ветра},
  Author                   = {Белан Д.Б., Матвиенко Г.Г., Гришин А.И., Ковалевский В.К., Мелешкин В.Е.},
  Journal                  = {Оптика атмосферы и океана},
  Year                     = {1991},
  Number                   = {10},
  Pages                    = {1070-1076},
  Volume                   = {4},

  Owner                    = {Filimonov Pavel},
  Timestamp                = {2015.04.29}
}

@Book{book:Zuev_laser-meteorolog,
  Title                    = {Лазер-метеоролог},
  Author                   = {Зуев В.В.},
  Publisher                = {Л.: Гидрометеоиздат},
  Year                     = {1974},
  Volume                   = {179},

  Owner                    = {Filimonov Pavel},
  Timestamp                = {2015.04.29}
}

@Book{В.И.Козинцев_Основыимпульснойлазернойлокации,
  Title                    = {Основы импульсной лазерной локации},
  Author                   = {В.И. Козинцев, М.Л. Белов, В.М. Орлов и др.},
  Publisher                = {М.: Изд-во МГТУ},
  Year                     = {2006},
  Volume                   = {512},

  Owner                    = {Funny_Jingl},
  Timestamp                = {2015.04.24}
}

@Unpublished{lections:Morgunov,
  Title                    = {Конспект лекций по курсу «Метеорология и климатология». Часть 3. «Метеорологические приборы и методы наблюдения»},
  Author                   = {Моргунов В.К.},
  Year                     = {2003 г.},

  Owner                    = {Filimonov Pavel},
  Timestamp                = {2015.04.29},
  Url                      = {http://www.zao.nsawt.ru/files/g/4/meteorologiya_i_klimatologiya-3ch.pdf}
}

@Article{article:Verner_IzmereniaSkorostiVetraITurbulentnosti,
  Title                    = {Измерения скорости ветра и турбулентности над поверхностью моря доплеровским лидаром и радаром с синтезированной апертурой},
  Author                   = {Вернер Х., Штрайхер Й., Райтебух О., Нагель Е., Шнайдерхан Т., Кениг Т., Ленер С., Банах В.А., Фалиц А.В., Дабас А., Делвиль П.},
  Journal                  = {Оптика атмосферы и океана},
  Year                     = {2004},
  Number                   = {8},
  Pages                    = {642-650},
  Volume                   = {17},

  Owner                    = {Filimonov Pavel},
  Timestamp                = {2015.04.29}
}

@Article{article:Gordienko_Izmerenie_Skorosti_Vetrovih_Potokov,
  Title                    = {Измерение скорости ветровых потоков с помощью доплеровского лидара на базе одночастотного ТЕА СО2-лазера},
  Author                   = {Гордиенко В. М., Курочкин Н. Н., Приезжаев А. В., Путивский Ю. Я.},
  Journal                  = {Оптика атмосферы},
  Year                     = {1991},
  Number                   = {10},
  Pages                    = {1114-1116},
  Volume                   = {4},

  Owner                    = {Filimonov Pavel},
  Timestamp                = {2015.04.29}
}

@Article{article:Gordienko_Vetrovoy_cogerentniy_doplerovsckiy,
  Title                    = {Ветровой когерентный доплеровский TEA СО2 лидар},
  Author                   = {Гордиенко В.М., Путивский Ю.Я.},
  Journal                  = {Квантовая электроника},
  Year                     = {1994},
  Number                   = {3},
  Pages                    = {.284-290},
  Volume                   = {21},

  Owner                    = {Filimonov Pavel},
  Timestamp                = {2015.04.29}
}

@Book{ДубовикА.С._Прикладнаяоптика:учебноепособиедлявузов.,
  Title                    = {Прикладная оптика: учебное пособие для вузов.},
  Author                   = {Дубовик А.С., Апенко М.И., Дурейко Г.В. и др.},
  Publisher                = {М., Недра},
  Year                     = {1982},
  Volume                   = {612 с},

  Owner                    = {Funny_Jingl},
  Timestamp                = {2015.04.24}
}

@Book{ЗахаровВ.М._Метеорологическаялазернаялокация,
  Title                    = {Метеорологическая лазерная локация},
  Author                   = {Захаров В.М., Костко О.К.},
  Publisher                = {Л.: Гидрометеоиздат},
  Year                     = {1977},
  Volume                   = {222},

  Owner                    = {Funny_Jingl},
  Timestamp                = {2015.04.24}
}

@Article{article:Ivanov_EksperimentalnieIssledovania,
  Title                    = {Экспериментальные исследования дистанционного корреляционного лазерного метода измерения мгновенной скорости ветра},
  Author                   = {Иванов С.Е., Белов М.Л., Городничев В.А., Кувшинов А.В., Стрелков Б.В.},
  Journal                  = {Электронное научно-техническое издание “Наука и образование”},
  Year                     = {2013},

  Month                    = {февраль},
  Number                   = {4},

  Owner                    = {Filimonov Pavel},
  Timestamp                = {2015.04.29}
}

@Article{article:Kozincev_LazerniyMetodPriblizhennogoIzmerenia,
  Title                    = {Лазерный метод приближенного измерения мгновенной скорости и направления ветра},
  Author                   = {Козинцев В.И., Иванов С.Е., Белов М.Л., Городничев В.А.},
  Journal                  = {Оптика атмосферы и океана},
  Year                     = {2013},
  Number                   = {5},
  Pages                    = {381-384},
  Volume                   = {26},

  Owner                    = {Filimonov Pavel},
  Timestamp                = {2015.04.29}
}

@Book{book:Zaharov_Lazernoe_zondirovanie,
  Title                    = {Лазерное зондирование атмосферы из космоса},
  Author                   = {Захаров В. М.},
  Editor                   = {Захаров В. М.},
  Publisher                = {Л.: Гидрометеоиздат},
  Year                     = {1988},

  Owner                    = {Filimonov Pavel},
  Timestamp                = {2015.04.29}
}

@Book{МатвиенкоГ.Г._Корреляционныеметодылазерно-локационныхизмеренийскоростиветра,
  Title                    = {Корреляционные методы лазерно-локационных измерений скорости ветра},
  Author                   = {Матвиенко Г. Г., Задде Г. О., Фердинандов Э. С. и др.},
  Publisher                = {Новосибирск: Наука},
  Year                     = {1985},
  Volume                   = {223},

  Owner                    = {Funny_Jingl},
  Timestamp                = {2015.04.24}
}

@Article{article:Matvienko_RazvitieTehnologiyLazernogoZondirovaniaAtmospheri,
  Title                    = {Развитие технологий лазерного зондирования атмосферы},
  Author                   = {Матвиенко Г.Г., Банах В.А., Бобровников С.М., Бурлаков В.Д., Веретенников В.В., Кауль Б.В., Креков Г.М., Маричев В.Н.},
  Journal                  = {Оптика атмосферы и океана},
  Year                     = {2009},
  Number                   = {10},
  Pages                    = {915-925},
  Volume                   = {22},

  Owner                    = {Filimonov Pavel},
  Timestamp                = {2015.04.29}
}

@Article{article:Matvienko_OperativnoeOpredelenieKomponentov,
  Title                    = {Оперативное определение компонентов скорости ветра с помощью лидара},
  Author                   = {Матвиенко Г.Г., Самохвалов И.В., Рыбалко В.С., Борцов Ю.Н., Шелефонтюк Д.И., Вореводин Ю.М.},
  Journal                  = {Оптика атмосферы и океана},
  Year                     = {1988},
  Number                   = {2},
  Pages                    = {68-72},
  Volume                   = {1},

  Owner                    = {Filimonov Pavel},
  Timestamp                = {2015.04.29}
}

@Article{article:Menzis_Cogerentniy_Doplerovskiy_Lidar,
  Title                    = {Когерентный доплеровский лидар для измерения полей ветра},
  Author                   = {Мензис Р. Т., Хардести Р.М.},
  Journal                  = {Труды Института Инженеров по электротехнике и радиоэлектронике},
  Year                     = {1989},
  Number                   = {3},
  Pages                    = {57-70},
  Volume                   = {77},

  Owner                    = {Filimonov Pavel},
  Timestamp                = {2015.04.29}
}

@Book{Н.Н._Оптическиетелескопы.Теорияиконструкция,
  Title                    = {Оптические телескопы. Теория и конструкция},
  Author                   = {Михельсон Н.Н.},
  Year                     = {1976},

  Owner                    = {Funny_Jingl},
  Timestamp                = {2015.04.24}
}

@Book{,
  Title                    = {Применение корреляционных методов в атмосферной оптике.},
  Author                   = {Орлов В. М., Матвиенко Г. Г., Самохвалов И. В. и др.},
  Publisher                = {Новосибирск: Наука},
  Year                     = {1983},
  Volume                   = {160},

  Owner                    = {Filimonov Pavel},
  Timestamp                = {2015.04.29}
}

@Article{article:Savin_DoplerovskieMeteolidary,
  Title                    = {Доплеровские метеолидары для систем обеспечения вихревой безопасности полетов},
  Author                   = {Савин А.В., Коняев М.А.},
  Journal                  = {Метеоспектр},
  Year                     = {2008},
  Number                   = {1},
  Pages                    = {147-152},

  Owner                    = {Filimonov Pavel},
  Timestamp                = {2015.04.29}
}

@Electronic{url:gradient,
  Title                    = {Ветры и волны в зонах атмосферных фронтов. Пособие для наблюдателей},
  Author                   = {К. Сиротов},
  Url                      = {http://www.meteoweb.ru/phen043.php},

  Owner                    = {Filimonov Pavel},
  Timestamp                = {2015.04.29}
}

@Article{article:Smaliho_Lidarnie_Izmerenia_Srednego_Vetra,
  Title                    = {Лидарные измерения среднего ветра},
  Author                   = {Смалихо И.Н., Банах В.А., Копп Ф., Вернер Х.},
  Journal                  = {Оптика атмосферы и океана},
  Year                     = {2002},
  Number                   = {8},
  Pages                    = {672-679},
  Volume                   = {15},

  Owner                    = {Filimonov Pavel},
  Timestamp                = {2015.04.29}
}

@Book{book:Hrgian_FizikaAtmospheri,
  Title                    = {Физика атмосферы [Текст] : учеб. пособие для студ. физических спец. вузов},
  Author                   = {А.Х. Хриган},
  Editor                   = {А.Х. Хриган},
  Publisher                = {М.: Изд-во МГУ},
  Year                     = {1986},
  Volume                   = {326},

  Owner                    = {Funny_Jingl},
  Timestamp                = {2015.04.24}
}

@Electronic{url:LLWSAS,
  Title                    = {Система обнаружения маловысотного сдвига ветра},
  Url                      = {http://www.ians.aero/proekty/lidar.},

  Owner                    = {Filimonov Pavel},
  Timestamp                = {2015.04.29}
}

@Electronic{url:sdvig_vetra,
  Url                      = {http://www.avsim.su/wiki/Сдвиг_ветра},

  Owner                    = {Filimonov Pavel},
  Timestamp                = {2015.04.29}
}

@Electronic{url:sdvig_vetra_na_malich_visotach,
  Url                      = {http://aviaspec.com/aviatsionnaya-meteorologiya/sdvig-vetra-na-malich-visotach.html},

  Owner                    = {Filimonov Pavel},
  Timestamp                = {2015.04.29}
}

@Electronic{url:spravochnik_dispetchera,
  Url                      = {http://rudocs.exdat.com/docs/index-571311.html?page=8},

  Owner                    = {Filimonov Pavel},
  Timestamp                = {2015.04.29}
}

