% Encoding: UTF-8


@Electronic{url:AviacionnieRaboti,
  Title                    = {Авиационные работы},
  Author                   = {Авиация специального назначения},
  Note                     = {http://aviaspec.com/aviatsionnaya-meteorologiya/sdvig-vetra-na-malich-visotach.html},
  Url                      = {http://aviaspec.com/aviatsionnaya-meteorologiya/sdvig-vetra-na-malich-visotach.html},

  Owner                    = {Filimonov Pavel},
  Timestamp                = {2015.04.29}
}

@Article{article:BoreishoMobilnieMnogovonovie,
  Title                    = {Мобильные многоволновые лидарные комплексы},
  Author                   = {А.С. Борейшо и др.},
  Journal                  = {Квантовая электроника},
  Year                     = {2005},
  Number                   = {12},
  Pages                    = {1167-1178},
  Volume                   = {35},

  Owner                    = {Filimonov Pavel},
  Timestamp                = {2015.04.29}
}

@Booklet{booklet:ICAO.Rukovodstvo,
  Title                    = {ИКАО. Руководство по сдвигу ветра на малых высотах},
  Author                   = {Международная организация гражданской авиации},

  Owner                    = {Filimonov Pavel},
  Timestamp                = {2015.04.29}
}

@Electronic{url:SdvigVetraWiki,
  Title                    = {Сдвиг ветра},
  Author                   = {Avsim},
  Note                     = {http://www.avsim.su/wiki},
  Url                      = {http://www.avsim.su/wiki},

  Owner                    = {Filimonov Pavel},
  Timestamp                = {2015.04.29}
}

@Article{article:KorbEdgetechnique,
  Title                    = {Edge technique: theory and application to the lidar measuarement of atmospheric wind},
  Author                   = {C. Laurence Korb, Bruce M. Gentry, and Chi Y. Weng},
  Journal                  = {Applied optics},
  Year                     = {1992},
  Number                   = {21},
  Pages                    = {4202-4213},
  Volume                   = {31},

  Owner                    = {Funny_Jingl},
  Timestamp                = {2015.04.24}
}

@Article{article:KorbEdgetechniqueDopper,
  Title                    = {Edge technique Doppler lidar wind measurements with high vertical resolution},
  Author                   = {C. Laurence Korb, Bruce M. Gentry, ands. Xingfu Li.},
  Journal                  = {Applied optics},
  Year                     = {1997},
  Number                   = {24},
  Pages                    = {5976-5983},
  Volume                   = {36},

  Owner                    = {Funny_Jingl},
  Timestamp                = {2015.04.24}
}

@Article{article:HarrisContinuousWaveBistatic,
  Title                    = {Continuous-wave bistatic laser Doppler wind sensor},
  Author                   = {Harris M., Constant G., Ward C.},
  Journal                  = {Applied Optics},
  Year                     = {2001},
  Number                   = {9},
  Pages                    = {1501-1506},
  Volume                   = {40},

  Owner                    = {Filimonov Pavel},
  Timestamp                = {2015.04.29}
}

@Article{article:KanePotentialForCoherentDoppler,
  Title                    = {Potential for coherent Doppler wind velocity lidar using neodymium lasers},
  Author                   = {Kane T. J., Zhou B., Byer R. L.},
  Journal                  = {Applied optics},
  Year                     = {1984},
  Number                   = {15},
  Pages                    = {2477-2481},
  Volume                   = {23},

  Owner                    = {Filimonov Pavel},
  Timestamp                = {2015.04.29}
}

@Article{article:MatthewAnalysisTechniquesForThe,
  Title                    = {Analysis techniques for the recovery of wind and backscatter coefficients from a multiple-channel incoherent Doppler lidar},
  Author                   = {Matthew J. McGill, Wilbert R. Skinner, Todd D. Irgang},
  Journal                  = {Applied Optics},
  Year                     = {1997},
  Number                   = {6},
  Pages                    = {1928-1939},
  Volume                   = {36},

  Owner                    = {Funny_Jingl},
  Timestamp                = {2015.04.24}
}

@Article{article:McKayAssessmentOfAMultibeam,
  Title                    = {Assessment of a multibeam Fizeau wedge interferometer for Doppler wind lidar},
  Author                   = {Jack A. McKay},
  Journal                  = {Applied optics},
  Year                     = {2002},
  Number                   = {9},
  Pages                    = {1760-1767},
  Volume                   = {41},

  Owner                    = {Filimonov Pavel},
  Timestamp                = {2015.04.29}
}

@Article{article:ReesMcDermidDopplerLidarAtmospheric,
  Title                    = {Doppler lidar atmospheric wind sensor: reevaluation of a 355-nm incoherent Doppler lidar},
  Author                   = {David Rees and I. Stuart McDermid},
  Journal                  = {Applied optics},
  Year                     = {1990},
  Number                   = {28},
  Pages                    = {4133-4144},
  Volume                   = {29},

  Owner                    = {Funny_Jingl},
  Timestamp                = {2015.04.24}
}

@Article{article:VincentObservationOfWinds,
  Title                    = {Observation of winds with an incoherent lidar detector},
  Author                   = {Vincent J. Abreu, John E. Barnes, and Paul B. Hays.},
  Journal                  = {Applied optics},
  Year                     = {1992},
  Number                   = {22},
  Pages                    = {4509-4514},
  Volume                   = {31},

  Owner                    = {Filimonov Pavel},
  Timestamp                = {2015.04.29}
}

@Article{article:Zhi-ShenLowAltitudeAtmospheric,
  Title                    = {Low-altitude atmospheric wind measurement from the combined Mie and Rayleigh backscattering by Doppler lidar with an iodine filter},
  Author                   = {Zhi-Shen Liu, Dong Wu, Jin-Tao Liu, Kai-Lin Zhang, Wei-Biao Chen, Xiao-Quan Song, Johnathan W. Hair, Chiao-Yao She.},
  Journal                  = {Applied Optics},
  Year                     = {2002},
  Number                   = {33},
  Pages                    = {7079-7086},
  Volume                   = {41},

  Owner                    = {Filimonov Pavel},
  Timestamp                = {2015.04.29}
}

@Article{article:AstafurovEffectivnost,
  Title                    = {Эффективность лидарных измерений скорости ветра корреляционным лидаром},
  Author                   = {Астафуров В.Г., Игнатова Э.Ю., Матвиенко Г.Г.},
  Journal                  = {Оптика атмосферы и океана},
  Year                     = {1992},
  Number                   = {5},
  Pages                    = {497-503},
  Volume                   = {5},

  Owner                    = {Filimonov Pavel},
  Timestamp                = {2015.04.29}
}

@Article{article:BanahIzmereniyaSkorosti,
  Title                    = {Измерения скорости и направления ветра когерентным доплеровским лидаром в условиях слабого эхосигнала},
  Author                   = {Банах В.А., Брюер А., Пичугина Е.Л., Смалихо И.Н.},
  Journal                  = {Оптика атмосферы и океана},
  Year                     = {2010},
  Number                   = {5},
  Pages                    = {333-340},
  Volume                   = {23},

  Owner                    = {Filimonov Pavel},
  Timestamp                = {2015.04.29}
}

@Article{article:BelanSravnenieLazernogo,
  Title                    = {Сравнение лазерного и радиозондового методов зондирования скорости и направления ветра},
  Author                   = {Белан Д.Б., Матвиенко Г.Г., Гришин А.И., Ковалевский В.К., Мелешкин В.Е.},
  Journal                  = {Оптика атмосферы и океана},
  Year                     = {1991},
  Number                   = {10},
  Pages                    = {1070-1076},
  Volume                   = {4},

  Owner                    = {Filimonov Pavel},
  Timestamp                = {2015.04.29}
}

@Book{book:ZuevLazerMeteorolog,
  Title                    = {Лазер-метеоролог},
  Author                   = {Зуев В.В.},
  Publisher                = {Л.: Гидрометеоиздат},
  Year                     = {1974},

  Owner                    = {Filimonov Pavel},
  Timestamp                = {2015.04.29}
}

@Book{book:KozincevOsnoviImpulsnoy,
  Title                    = {Основы импульсной лазерной локации},
  Author                   = {В.И. Козинцев, М.Л. Белов, В.М. Орлов и др.},
  Publisher                = {М.: Изд-во МГТУ},
  Year                     = {2006},

  Owner                    = {Funny_Jingl},
  Timestamp                = {2015.04.24}
}

@Unpublished{unpublished:MorgunovLekcii,
  Title                    = {Конспект лекций по курсу «Метеорология и климатология».},
  Author                   = {Моргунов В.К.},
  Note                     = {Часть 3. «Метеорологические приборы и методы наблюдения»},
  Year                     = {2003},

  Owner                    = {Filimonov Pavel},
  Timestamp                = {2015.04.29},
  Url                      = {http://www.zao.nsawt.ru/files/g/4/meteorologiya_i_klimatologiya-3ch.pdf}
}

@Article{article:VernerIzmereniyaSkorosti,
  Title                    = {Измерения скорости ветра и турбулентности над поверхностью моря доплеровским лидаром и радаром с синтезированной апертурой},
  Author                   = {Вернер Х., Штрайхер Й., Райтебух О., Нагель Е., Шнайдерхан Т., Кениг Т., Ленер С., Банах В.А., Фалиц А.В., Дабас А., Делвиль П.},
  Journal                  = {Оптика атмосферы и океана},
  Year                     = {2004},
  Number                   = {8},
  Pages                    = {642-650},
  Volume                   = {17},

  Owner                    = {Filimonov Pavel},
  Timestamp                = {2015.04.29}
}

@Article{article:GordienkoIzmerenieSkorosti,
  Title                    = {Измерение скорости ветровых потоков с помощью доплеровского лидара на базе одночастотного ТЕА СО2-лазера},
  Author                   = {Гордиенко В. М., Курочкин Н. Н., Приезжаев А. В., Путивский Ю. Я.},
  Journal                  = {Оптика атмосферы},
  Year                     = {1991},
  Number                   = {10},
  Pages                    = {1114-1116},
  Volume                   = {4},

  Owner                    = {Filimonov Pavel},
  Timestamp                = {2015.04.29}
}

@Article{article:GordienkoVetrovoyCoherentniy,
  Title                    = {Ветровой когерентный доплеровский TEA СО2 лидар},
  Author                   = {Гордиенко В.М., Путивский Ю.Я.},
  Journal                  = {Квантовая электроника},
  Year                     = {1994},
  Number                   = {3},
  Pages                    = {.284-290},
  Volume                   = {21},

  Owner                    = {Filimonov Pavel},
  Timestamp                = {2015.04.29}
}

@Book{book:DubovikPrikladnayaOptika,
  Title                    = {Прикладная оптика: учебное пособие для вузов.},
  Author                   = {Дубовик А.С., Апенко М.И., Дурейко Г.В. и др.},
  Publisher                = {М., Недра},
  Year                     = {1982},

  Owner                    = {Funny_Jingl},
  Timestamp                = {2015.04.24}
}

@Book{book:ZaharovMeteorologicheskayaLazernaya,
  Title                    = {Метеорологическая лазерная локация},
  Author                   = {Захаров В.М., Костко О.К.},
  Publisher                = {Л.: Гидрометеоиздат},
  Year                     = {1977},

  Owner                    = {Funny_Jingl},
  Timestamp                = {2015.04.24}
}

@Book{book:ZaharovLidariIIssledovaniya,
  Title                    = {Лидары и исследование климата},
  Author                   = {Захаров В.М., Костко О.К., Хмелевцов С.С.},
  Publisher                = {Л.: Гидрометеоиздат},
  Year                     = {1990},

  Owner                    = {funnyjingl},
  Timestamp                = {2015.05.13}
}

@Article{article:IvanovExperimentalnie,
  Title                    = {Экспериментальные исследования дистанционного корреляционного лазерного метода измерения мгновенной скорости ветра},
  Author                   = {Иванов С.Е., Белов М.Л., Городничев В.А., Кувшинов А.В., Стрелков Б.В.},
  Journal                  = {Электронное научно-техническое издание “Наука и образование”},
  Year                     = {2013},

  Month                    = {февраль},
  Number                   = {4},

  Owner                    = {Filimonov Pavel},
  Timestamp                = {2015.04.29}
}

@Article{article:KozincevLazerniyMetod,
  Title                    = {Лазерный метод приближенного измерения мгновенной скорости и направления ветра},
  Author                   = {Козинцев В.И., Иванов С.Е., Белов М.Л., Городничев В.А.},
  Journal                  = {Оптика атмосферы и океана},
  Year                     = {2013},
  Number                   = {5},
  Pages                    = {381-384},
  Volume                   = {26},

  Owner                    = {Filimonov Pavel},
  Timestamp                = {2015.04.29}
}

@Book{book:ZaharovLazernoeZondirovanie,
  Title                    = {Лазерное зондирование атмосферы из космоса},
  Author                   = {Захаров В. М.},
  Editor                   = {Захаров В. М.},
  Publisher                = {Л.: Гидрометеоиздат},
  Year                     = {1988},

  Owner                    = {Filimonov Pavel},
  Timestamp                = {2015.04.29}
}

@Book{book:MatvienkoKorrelacionnieMetodi,
  Title                    = {Корреляционные методы лазерно-локационных измерений скорости ветра},
  Author                   = {Матвиенко Г. Г., Задде Г. О., Фердинандов Э. С. и др.},
  Publisher                = {Новосибирск: Наука},
  Year                     = {1985},

  Owner                    = {Funny_Jingl},
  Timestamp                = {2015.04.24}
}

@Article{article:MatvienkoRazvitieTehnologiy,
  Title                    = {Развитие технологий лазерного зондирования атмосферы},
  Author                   = {Матвиенко Г.Г., Банах В.А., Бобровников С.М., Бурлаков В.Д., Веретенников В.В., Кауль Б.В., Креков Г.М., Маричев В.Н.},
  Journal                  = {Оптика атмосферы и океана},
  Year                     = {2009},
  Number                   = {10},
  Pages                    = {915-925},
  Volume                   = {22},

  Owner                    = {Filimonov Pavel},
  Timestamp                = {2015.04.29}
}

@Article{article:MatvienkoOperativnoeOpredelenie,
  Title                    = {Оперативное определение компонентов скорости ветра с помощью лидара},
  Author                   = {Матвиенко Г.Г., Самохвалов И.В., Рыбалко В.С., Борцов Ю.Н., Шелефонтюк Д.И., Вореводин Ю.М.},
  Journal                  = {Оптика атмосферы и океана},
  Year                     = {1988},
  Number                   = {2},
  Pages                    = {68-72},
  Volume                   = {1},

  Owner                    = {Filimonov Pavel},
  Timestamp                = {2015.04.29}
}

@Article{article:MenzisCoherentniyDopplerovskiy,
  Title                    = {Когерентный доплеровский лидар для измерения полей ветра},
  Author                   = {Мензис Р. Т., Хардести Р.М.},
  Journal                  = {Труды Института Инженеров по электротехнике и радиоэлектронике},
  Year                     = {1989},
  Number                   = {3},
  Pages                    = {57-70},
  Volume                   = {77},

  Owner                    = {Filimonov Pavel},
  Timestamp                = {2015.04.29}
}

@Book{book:MihelsonOpticheskieTeleskopi,
  Title                    = {Оптические телескопы. Теория и конструкция},
  Author                   = {Михельсон Н.Н.},
  Editor                   = {Михельсон Н.Н.},
  Publisher                = {Москва: Наука},
  Year                     = {1976},

  Owner                    = {Funny_Jingl},
  Timestamp                = {2015.04.24}
}

@Electronic{url:SdvigVetra,
  Title                    = {Сдвиг ветра},
  Author                   = {Справочник диспетчера ОВД},
  Note                     = {http://rudocs.exdat.com/docs/index-571311.html?page=8},
  Url                      = {http://rudocs.exdat.com/docs/index-571311.html?page=8},

  Owner                    = {Filimonov Pavel},
  Timestamp                = {2015.04.29}
}

@Book{book:OrlovPrimenenieKorrelacionnih,
  Title                    = {Применение корреляционных методов в атмосферной оптике.},
  Author                   = {Орлов В. М., Матвиенко Г. Г., Самохвалов И. В. и др.},
  Publisher                = {Новосибирск: Наука},
  Year                     = {1983},

  Owner                    = {Filimonov Pavel},
  Timestamp                = {2015.04.29}
}

@Article{article:SavinDoplerovskieMeteolidari,
  Title                    = {Доплеровские метеолидары для систем обеспечения вихревой безопасности полетов},
  Author                   = {Савин А.В., Коняев М.А.},
  Journal                  = {Метеоспектр},
  Year                     = {2008},
  Number                   = {1},
  Pages                    = {147-152},

  Owner                    = {Filimonov Pavel},
  Timestamp                = {2015.04.29}
}

@Electronic{url:SirotovVetriIVolni,
  Title                    = {Ветры и волны в зонах атмосферных фронтов. Пособие для наблюдателей},
  Author                   = {К. Сиротов},
  Note                     = {http://www.meteoweb.ru/phen043.php},
  Url                      = {http://www.meteoweb.ru/phen043.php},

  Owner                    = {Filimonov Pavel},
  Timestamp                = {2015.04.29}
}

@Electronic{url:WindSheatSystems,
  Title                    = {Система обнаружения маловысотного сдвига ветра},
  Author                   = {Международные Аэронавигационные Системы},
  Note                     = {http://www.ians.aero/proekty/lidar},
  Url                      = {http://www.ians.aero/proekty/lidar},

  Owner                    = {Filimonov Pavel},
  Timestamp                = {2015.04.29}
}

@Article{article:SmalihoLidarniyeIzmereniya,
  Title                    = {Лидарные измерения среднего ветра},
  Author                   = {Смалихо И.Н., Банах В.А., Копп Ф., Вернер Х.},
  Journal                  = {Оптика атмосферы и океана},
  Year                     = {2002},
  Number                   = {8},
  Pages                    = {672-679},
  Volume                   = {15},

  Owner                    = {Filimonov Pavel},
  Timestamp                = {2015.04.29}
}

@Book{book:HrgianFizikaAtmospheri,
  Title                    = {Физика атмосферы: учеб. пособие для студ. физических спец. вузов},
  Author                   = {А.Х. Хриган},
  Editor                   = {А.Х. Хриган},
  Publisher                = {М.: Изд-во МГУ},
  Year                     = {1986},

  Owner                    = {Funny_Jingl},
  Timestamp                = {2015.04.24}
}

@Book{book:ParvolusovPOEP,
  author    = {Парвулюсов Ю.Б. и др.},
  title     = {Проектирование оптико-электронных приборов. Учебник для ВУЗов.},
  year      = {2000},
  editor    = {Под ред. Ю.Г. Якушенкова.},
  publisher = {М, Логос.},
  pages     = {488 с.},
}

@Comment{jabref-meta: databaseType:biblatex;}
